% !Mode:: "TeX:UTF-8"

@book{algorithm,
  title={算法导论第三版},
  author={Thomas H.Cormen,Charles E.leiserson,Ronald L,Rivest,Clifford Stein},
  year={2014},
  address={北京},
  publisher={机械工业出版社},
  language =     {Chinese}
}

@book{LinuxC,
  title={Linux C 程序设计},
  author={吴岳},
  year={2014},
  address={北京},
  publisher={清华大学出版社},
  language =     {Chinese}
}

@book{ComputerNetwork,
  title={计算机网络 自顶向下方法},
  author={James F.Kurose,Keith W.Ross},
  year={2014},
  address={北京},
  publisher={机械出版社},
  language =     {Chinese}
}

@digital{gmpman,
  author =       {GMP development team},
  title =        {The GNU Multiple Precision Arithmetic Library manual},
  date=          {Dec, 2016},
  url =          {https://gmplib.org/gmp-man-6.1.2.pdf},
  language =     {English}
}

